@article{primarypaper,
  author          = {Willem Bonaffé, Tim Coulson},
  journal         = {Methods in Ecology and Evolution},
  number          = {6},
  title           = {Fast fitting of neural ordinary differential equations by Bayesian neural gradient matching to infer ecological interactions from time-series data},
  volume          = {14},
  year            = {2023}
}

@article{earlierpaper,
  author          = {Willem Bonaffé, Tim Coulson},
  journal         = {Methods in Ecology and Evolution},
  number          = {3},
  title           = {Neural ordinary differential equations for ecological and evolutionary time- series analysis},
  volume          = {12},
  year            = {2021}
}

@article{tritropicpaper,
  author          = {T. Hiltunen, L. E. Jones, S. P. Ellner, N. G. Hairston Jr.},
  journal         = {Ecology},
  number          = {4},
  title           = {Temporal dynamics of a simple community with intraguild predation: an experimental test},
  volume          = {94},
  year            = {2013}
}

@article{lynxharepaper,
  author          = {E. P. Odum, G. W. Barrett},
  journal         = {The Journal of Wildlife Management},
  number          = {4},
  title           = {Fundamentals of Ecology},
  volume          = {36},
  year            = {1976}
}

@article{backproppaper,
  author          = {David E. Rumelhart, Geoffrey E. Hinton, Ronald J. Williams},
  journal         = {Nature},
  number          = {6088},
  title           = {Learning representations by back-propagating errors},
  volume          = {323},
  year            = {1986}
}