@book{livy,
  author         = {Titus Livy},
  translator     = {William Masfen Roberts},
  publisher      = {Royal Classics},
  title          = {Ab urbe condita},
  year           = {1912},
  annote         = {Used for stuff.}
}